<collection xmlns="http://www.loc.gov/MARC21/slim">
<record>
  <leader>01021nam0a22002411i 450 </leader>
  <controlfield tag="001">IT\ICCU\CNCE\048852</controlfield>
  <controlfield tag="005">20010712000000.0</controlfield>
  <datafield tag="012" ind1=" " ind2=" ">
    <subfield code="a">++++ a-R. nean stgn (3) 1547 (R)</subfield>
    <subfield code="2">fei</subfield>
  </datafield>
  <datafield tag="100" ind1=" " ind2=" ">
    <subfield code="a">19990901d1547        0itac0103    ba</subfield>
  </datafield>
  <datafield tag="101" ind1=" " ind2=" ">
    <subfield code="a">ITA</subfield>
  </datafield>
  <datafield tag="102" ind1=" " ind2=" ">
    <subfield code="a">IT</subfield>
  </datafield>
  <datafield tag="200" ind1="1" ind2=" ">
    <subfield code="a">℗Le ℗historie di tutti i fatti degni di memoria nel mondo successi dall&apos; anno MDXXIIII sino a questo presente</subfield>
  </datafield>
  <datafield tag="210" ind1=" " ind2=" ">
    <subfield code="e">In Venetia</subfield>
    <subfield code="g">alla insegna di san Bernardino</subfield>
    <subfield code="h">1547</subfield>
  </datafield>
  <datafield tag="215" ind1=" " ind2=" ">
    <subfield code="a">\8!, 239 c.</subfield>
    <subfield code="d">8ʻ</subfield>
  </datafield>
  <datafield tag="300" ind1=" " ind2=" ">
    <subfield code="a">Siglata alla 33784</subfield>
  </datafield>
  <datafield tag="620" ind1=" " ind2=" ">
    <subfield code="a">IT</subfield>
    <subfield code="d">Venezia</subfield>
  </datafield>
  <datafield tag="700" ind1=" " ind2="1">
    <subfield code="a">Guazzo,</subfield>
    <subfield code="b">Marco</subfield>
    <subfield code="3">IT\ICCU\CNCA\000225</subfield>
  </datafield>
  <datafield tag="712" ind1="0" ind2="0">
    <subfield code="a">Stagnino, Bernardino</subfield>
    <subfield code="c"> &lt;1.&gt; - eredi</subfield>
    <subfield code="3">IT\ICCU\CNCT\000827</subfield>
    <subfield code="4">650</subfield>
  </datafield>
  <datafield tag="790" ind1=" " ind2="1">
    <subfield code="a">Guazzi,</subfield>
    <subfield code="b">Marco</subfield>
    <subfield code="3">IT\ICCU\CNCA\019726</subfield>
    <subfield code="z">Guazzo, Marco</subfield>
  </datafield>
  <datafield tag="791" ind1="0" ind2="2">
    <subfield code="a">℗al segno di ℗San Bernardino</subfield>
    <subfield code="3">IT\ICCU\CNCT\000734</subfield>
    <subfield code="z">Stagnino, Bernardino &lt;1.&gt; - eredi</subfield>
  </datafield>
  <datafield tag="791" ind1="0" ind2="2">
    <subfield code="a">℗al segno di Santo ℗Bernardino</subfield>
    <subfield code="3">IT\ICCU\CNCT\006495</subfield>
    <subfield code="z">Stagnino, Bernardino &lt;1.&gt; - eredi</subfield>
  </datafield>
  <datafield tag="801" ind1=" " ind2="3">
    <subfield code="a">IT</subfield>
    <subfield code="b">ICCU</subfield>
    <subfield code="c">20201115</subfield>
  </datafield>
  <datafield tag="899" ind1=" " ind2=" ">
    <subfield code="a">Biblioteca comunale. Trento</subfield>
    <subfield code="1">TN0121</subfield>
    <subfield code="2">ZTN 01</subfield>
  </datafield>
</record>
</collection>
